<record xmlns="http://www.loc.gov/MARC21/slim" xmlns:xsi="http://www.w3.org/2001/XMLSchema-instance" xsi:schemaLocation="http://www.loc.gov/MARC21/slim http://www.loc.gov/standards/marcxml/schema/MARC21slim.xsd"><leader>00037nz   2200037n  4500</leader><controlfield tag="001">DNB|119354306</controlfield><controlfield tag="003">DNB</controlfield><controlfield tag="005">20090603143437.0</controlfield><controlfield tag="008">960716n||azznnabbn           | aaa    |c</controlfield><datafield ind1=" " ind2=" " tag="035"><subfield code="a">(DE-101)119354306</subfield></datafield><datafield ind1=" " ind2=" " tag="035"><subfield code="a">(DE-588a)119354306</subfield></datafield><datafield ind1=" " ind2=" " tag="035"><subfield code="a">(DE-588c)4417542-5</subfield></datafield><datafield ind1=" " ind2=" " tag="040"><subfield code="a">DE-21</subfield><subfield code="b">ger</subfield><subfield code="c">DE-101</subfield><subfield code="e">rakwb</subfield><subfield code="d">0012</subfield></datafield><datafield ind1=" " ind2=" " tag="043"><subfield code="c">XT</subfield></datafield><datafield ind1=" " ind2="7" tag="049"><subfield code="2">iso639-2</subfield><subfield code="a">lat</subfield></datafield><datafield ind1=" " ind2=" " tag="065"><subfield code="2">sswd</subfield><subfield code="a">16.1p</subfield></datafield><datafield ind1=" " ind2=" " tag="079"><subfield code="a">p</subfield><subfield code="q">s</subfield></datafield><datafield ind1="0" ind2=" " tag="100"><subfield code="a">Trebellius</subfield><subfield code="c">Pollio</subfield><subfield code="d">fl.3./4. Jh.</subfield></datafield><datafield ind1="0" ind2=" " tag="400"><subfield code="a">Pollio</subfield><subfield code="c">Trebellius</subfield><subfield code="d">fl.3./4. Jh.</subfield></datafield><datafield ind1="0" ind2=" " tag="400"><subfield code="a">Pollion</subfield><subfield code="c">Trebellius</subfield><subfield code="d">fl.3./4. Jh.</subfield></datafield><datafield ind1="1" ind2=" " tag="400"><subfield code="a">Trebellius, Pollio</subfield><subfield code="d">fl.3./4. Jh.</subfield></datafield><datafield ind1="1" ind2=" " tag="400"><subfield code="a">Pollio, Trebellius</subfield><subfield code="d">fl.3./4. Jh.</subfield></datafield><datafield ind1=" " ind2=" " tag="549"><subfield code="w">i</subfield><subfield code="i">Zeit</subfield><subfield code="a">3./4. Jh.</subfield></datafield><datafield ind1=" " ind2=" " tag="549"><subfield code="w">i</subfield><subfield code="i">UDK-Zeitcode</subfield><subfield code="a">02</subfield></datafield><datafield ind1=" " ind2=" " tag="549"><subfield code="w">i</subfield><subfield code="i">UDK-Zeitcode</subfield><subfield code="a">03</subfield></datafield><datafield ind1=" " ind2=" " tag="667"><subfield code="a">TITAN</subfield></datafield><datafield ind1=" " ind2=" " tag="670"><subfield code="a">PAN</subfield></datafield><datafield ind1=" " ind2=" " tag="678"><subfield code="a">Fiktiver Verfasser einiger Biographien der Historia Augusta in theodosianischer Zeit</subfield></datafield><datafield ind1=" " ind2=" " tag="996"><subfield code="2">PICA|070667128</subfield></datafield><datafield ind1=" " ind2=" " tag="996"><subfield code="2">SELIBR|281962</subfield></datafield><datafield ind1=" " ind2=" " tag="996"><subfield code="2">NKC|jn20010602315</subfield></datafield><datafield ind1=" " ind2=" " tag="996"><subfield code="2">BAV|ADV11320541</subfield></datafield><datafield ind1=" " ind2=" " tag="997"><subfield code="a">200 300 flourished</subfield><subfield code="9">1</subfield></datafield></record>